@article{Kanwar:2020xzo,
    author = "Kanwar, Gurtej and Albergo, Michael S. and Boyda, Denis and Cranmer, Kyle and Hackett, Daniel C. and Racani\`ere, S\'ebastien and Rezende, Danilo Jimenez and Shanahan, Phiala E.",
    title = "{Equivariant flow-based sampling for lattice gauge theory}",
    eprint = "2003.06413",
    archivePrefix = "arXiv",
    primaryClass = "hep-lat",
    reportNumber = "MIT-CTP/5181",
    doi = "10.1103/PhysRevLett.125.121601",
    journal = "Phys. Rev. Lett.",
    volume = "125",
    number = "12",
    pages = "121601",
    year = "2020"
}
@article{Albergo:2021vyo,
    author = "Albergo, Michael S. and Boyda, Denis and Hackett, Daniel C. and Kanwar, Gurtej and Cranmer, Kyle and Racani\`ere, S\'ebastien and Rezende, Danilo Jimenez and Shanahan, Phiala E.",
    title = "{Introduction to Normalizing Flows for Lattice Field Theory}",
    eprint = "2101.08176",
    journal = {arXiv e-prints},
    archivePrefix = "arXiv",
    primaryClass = "hep-lat",
    reportNumber = "MIT-CTP/5272",
    month = "1",
    year = "2021"
}
@article{weng2018flow,
  title   = "Flow-based Deep Generative Models",
  author  = "Weng, Lilian",
  journal = "lilianweng.github.io/lil-log",
  year    = "2018",
  url     = "http://lilianweng.github.io/lil-log/2018/10/13/flow-based-deep-generative-models.html"
}
@article{luscher2009,
   title="{Trivializing Maps, the Wilson Flow and the HMC Algorithm}",
   volume={293},
   ISSN={1432-0916},
   url={http://dx.doi.org/10.1007/s00220-009-0953-7},
   DOI={10.1007/s00220-009-0953-7},
   number={3},
   journal={Communications in Mathematical Physics},
   publisher={Springer Science and Business Media LLC},
   author={Lüscher, Martin},
   year={2009},
   month={Nov},
   pages={899–919}
}
@misc{deldebbio2021efficient,
      title={Efficient Modelling of Trivializing Maps for Lattice $\phi^4$ Theory Using Normalizing Flows: A First Look at Scalability}, 
      author={Luigi Del Debbio and Joe Marsh Rossney and Michael Wilson},
      year={2021},
      eprint={2105.12481},
      archivePrefix={arXiv},
      primaryClass={hep-lat}
}
@inproceedings{rezende2015variational,
  title={Variational inference with normalizing flows},
  author={Rezende, Danilo and Mohamed, Shakir},
  booktitle={International conference on machine learning},
  pages={1530--1538},
  year={2015},
  organization={PMLR}
}
@article{DinhSB16,
  author    = {Laurent Dinh and
               Jascha Sohl{-}Dickstein and
               Samy Bengio},
  title     = {Density estimation using Real {NVP}},
  journal   = {CoRR},
  volume    = {abs/1605.08803},
  year      = {2016},
  url       = {http://arxiv.org/abs/1605.08803},
  eprinttype = {arXiv},
  eprint    = {1605.08803},
  timestamp = {Mon, 13 Aug 2018 16:47:21 +0200},
  biburl    = {https://dblp.org/rec/journals/corr/DinhSB16.bib},
  bibsource = {dblp computer science bibliography, https://dblp.org}
}
@article{Betancourt:2017,
       author = {{Betancourt}, Michael},
        title = "{A Conceptual Introduction to Hamiltonian Monte Carlo}",
      journal = {arXiv e-prints},
     keywords = {Statistics - Methodology},
         year = 2017,
        month = jan,
          eid = {arXiv:1701.02434},
        pages = {arXiv:1701.02434},
archivePrefix = {arXiv},
       eprint = {1701.02434},
 primaryClass = {stat.ME},
       adsurl = {https://ui.adsabs.harvard.edu/abs/2017arXiv170102434B},
      adsnote = {Provided by the SAO/NASA Astrophysics Data System}
}
@article{Schaefer:2010hu,
    author = "Schaefer, Stefan and Sommer, Rainer and Virotta, Francesco",
    collaboration = "ALPHA",
    title = "{Critical slowing down and error analysis in lattice QCD simulations}",
    eprint = "1009.5228",
    archivePrefix = "arXiv",
    primaryClass = "hep-lat",
    reportNumber = "DESY-10-151, SFB-CPP-10-81, HU-EP-10-55",
    doi = "10.1016/j.nuclphysb.2010.11.020",
    journal = "Nucl. Phys. B",
    volume = "845",
    pages = "93--119",
    year = "2011"
}
@book{van1995python,
  title = {Python Tutorial},
  author = {Van Rossum, Guido and Drake Jr, Fred L},
  date = {1995},
  publisher = {{Centrum voor Wiskunde en Informatica Amsterdam, The Netherlands}},
  keywords = {\#nosource}
}
@article{matplotlib,
  title = {Matplotlib: A {{2D Graphics Environment}}},
  author = {Hunter, J. D.},
  date = {2007},
  journaltitle = {Computing in Science Engineering},
  volume = {9},
  number = {3},
  pages = {90--95},
  doi = {10.1109/MCSE.2007.55},
  keywords = {\#nosource}
}
@software{seaborn_michael_waskom_2017_883859,
  title = {Mwaskom/Seaborn: V0.8.1 ({{September}} 2017)},
  author = {Waskom, Michael and Botvinnik, Olga and O'Kane, Drew and Hobson, Paul and Lukauskas, Saulius and Gemperline, David C. and Augspurger, Tom and Halchenko, Yaroslav and Cole, John B. and Warmenhoven, Jordi and de Ruiter, Julian and Pye, Cameron and Hoyer, Stephan and Vanderplas, Jake and Villalba, Santi and Kunter, Gero and Quintero, Eric and Bachant, Pete and Martin, Marcel and Meyer, Kyle and Miles, Alistair and Ram, Yoav and Yarkoni, Tal and Williams, Mike Lee and Evans, Constantine and Fitzgerald, Clark and {Brian} and Fonnesbeck, Chris and Lee, Antony and Qalieh, Adel},
  date = {2017-09},
  doi = {10.5281/zenodo.883859},
  url = {https://doi.org/10.5281/zenodo.883859},
  organization = {{Zenodo}},
  version = {v0.8.1},
  keywords = {\#nosource}
}
@article{numpyharris2020array,
  title = {Array Programming with {{NumPy}}},
  author = {Harris, Charles R. and Millman, K. Jarrod and van der Walt, St'efan J. and Gommers, Ralf and Virtanen, Pauli and Cournapeau, David and Wieser, Eric and Taylor, Julian and Berg, Sebastian and Smith, Nathaniel J. and Kern, Robert and Picus, Matti and Hoyer, Stephan and van Kerkwijk, Marten H. and Brett, Matthew and Haldane, Allan and del R'ıo, Jaime Fern'andez and Wiebe, Mark and Peterson, Pearu and G'erard-Marchant, Pierre and Sheppard, Kevin and Reddy, Tyler and Weckesser, Warren and Abbasi, Hameer and Gohlke, Christoph and Oliphant, Travis E.},
  date = {2020-09},
  journal = {Nature},
  journaltitle = {Nature},
  volume = {585},
  number = {7825},
  year = {2020},
  pages = {357--362},
  publisher = {{Springer Science and Business Media LLC}},
  doi = {10.1038/s41586-020-2649-2},
  url = {https://doi.org/10.1038/s41586-020-2649-2},
  keywords = {\#nosource}
}
@article{ipython4160251,
  title = {{{IPython}}: A {{System}} for {{Interactive Scientific Computing}}},
  author = {Perez, F. and Granger, B. E.},
  date = {2007},
  journaltitle = {Computing in Science Engineering},
  volume = {9},
  number = {3},
  pages = {21--29},
  doi = {10.1109/MCSE.2007.53},
  keywords = {\#nosource}
}

